@book{degroot2012,
  title     = {Probability and statistics},
  author    = {DeGroot, Morris H and Schervish, Mark J},
  year      = {2012},
  publisher = {Pearson Education}
}

@book{thrun2010,
  place     = {Cambridge, MA},
  title     = {Probabilistic robotics},
  publisher = {MIT Press},
  author    = {Thrun, Sebastian and Burgard, Wolfram and Fox, Dieter},
  year      = {2010}
}

@inproceedings{stroupe2001,
  author    = {A. W. {Stroupe} and M. C. {Martin} and T. {Balch}},
  booktitle = {Proceedings 2001 ICRA. IEEE International Conference on Robotics and Automation (Cat. No.01CH37164)},
  title     = {Distributed sensor fusion for object position estimation by multi-robot systems},
  year      = {2001},
  volume    = {2},
  number    = {},
  pages     = {1092-1098 vol.2}
}

@inproceedings{pinheiro2004,
  title        = {Bayesian sensor fusion for cooperative object localization and world modeling},
  author       = {Pinheiro, Pedro and Lima, Pedro},
  booktitle    = {Proc. 8th Conference on Intelligent Autonomous Systems},
  year         = {2004},
  organization = {Citeseer}
}

@inproceedings{ferrein2005,
  title        = {Comparing sensor fusion techniques for ball position estimation},
  author       = {Ferrein, Alexander and Hermanns, Lutz and Lakemeyer, Gerhard},
  booktitle    = {Robot Soccer World Cup},
  pages        = {154--165},
  year         = {2005},
  organization = {Springer}
}

@inproceedings{pahliani2006,
  title     = {Improving Self Localization and Object Localization by a Team of Robots Using Sensor Fusion},
  author    = {Pahliani, Abdolkarim and Lima, Pedro},
  booktitle = {Proc. of CONTROLO},
  year      = {2006}
}

@inproceedings{santos2009,
  title        = {Multi-robot cooperative object localization},
  author       = {Santos, Jo{\~a}o and Lima, Pedro},
  booktitle    = {Robot Soccer World Cup},
  pages        = {332--343},
  year         = {2009},
  organization = {Springer}
}

@inproceedings{ahmad2011,
  title        = {Multi-Robot Cooperative Object Tracking Based on Particle Filters.},
  author       = {Ahmad, Aamir and Lima, Pedro U},
  booktitle    = {ECMR},
  pages        = {37--42},
  year         = {2011},
  organization = {Citeseer}
}

@inproceedings{ahmad2013,
  title        = {Cooperative robot localization and target tracking based on least squares minimization},
  author       = {Ahmad, Aamir and Tipaldi, Gian Diego and Lima, Pedro and Burgard, Wolfram},
  booktitle    = {2013 IEEE International Conference on Robotics and Automation},
  pages        = {5696--5701},
  year         = {2013},
  organization = {IEEE}
}

@inproceedings{chang2016,
  title   = {Exploiting Moving Objects: Multi-Robot Simultaneous Localization and Tracking},
  author  = {C. {Chang} and S. {Wang} and C. {Wang}},
  journal = {IEEE Transactions on Automation Science and Engineering},
  year    = {2016},
  volume  = {13},
  number  = {2},
  pages   = {810-827},
  doi     = {10.1109/TASE.2015.2426203}
}

@article{ahmad2017,
  title     = {An online scalable approach to unified multirobot cooperative localization and object tracking},
  author    = {Ahmad, Aamir and Lawless, Guilherme and Lima, Pedro},
  journal   = {IEEE transactions on robotics},
  volume    = {33},
  number    = {5},
  pages     = {1184--1199},
  year      = {2017},
  publisher = {IEEE}
}
